<record><leader>00000cas a22000007a 4500</leader><controlfield tag="001">39231919</controlfield><controlfield tag="008">980605d196219uuncuuu ne      0    0eng d</controlfield><datafield ind1=" " ind2=" " tag="010"><subfield code="a">sn 97064634 </subfield></datafield><datafield ind1=" " ind2=" " tag="040"><subfield code="a">NVJ</subfield><subfield code="b">eng</subfield><subfield code="c">NVJ</subfield><subfield code="d">OCLCQ</subfield></datafield><datafield ind1=" " ind2=" " tag="042"><subfield code="a">msc</subfield></datafield><datafield ind1="0" ind2="4" tag="245"><subfield code="a">The Yadkin Democrat.</subfield></datafield><datafield ind1=" " ind2=" " tag="260"><subfield code="a">Yadkinville, N.C. :</subfield><subfield code="b">Yadkin County Democratic Executive Committee</subfield></datafield><datafield ind1=" " ind2=" " tag="300"><subfield code="a">v.</subfield></datafield><datafield ind1="0" ind2=" " tag="362"><subfield code="a">Vol. 1, no. 1 (Nov. 2, 1962)-</subfield></datafield><datafield ind1=" " ind2=" " tag="500"><subfield code="a">May have published only one issue.</subfield></datafield><datafield ind1=" " ind2=" " tag="500"><subfield code="a">Election year newspaper.</subfield></datafield><datafield ind1=" " ind2=" " tag="752"><subfield code="a">United States</subfield><subfield code="b">North Carolina</subfield><subfield code="c">Yadkin</subfield><subfield code="d">Yadkinville.</subfield></datafield></record>